<?xml version="1.0" encoding="UTF-8"?><collection xmlns="http://www.loc.gov/MARC21/slim"><record><leader>00557nam--2200193-i-4500</leader><controlfield tag="001">000049024</controlfield><controlfield tag="002">20161230</controlfield><controlfield tag="005">20170106170741</controlfield><controlfield tag="008">060222s1000------------r-----000-0-rus-d</controlfield><datafield ind1=" " ind2=" " tag="040"><subfield code="a">IFIN-HH</subfield></datafield><datafield ind1=" " ind2=" " tag="041"><subfield code="a">rus</subfield></datafield><datafield ind1=" " ind2=" " tag="080"><subfield code="a">539.124.172:519.283</subfield></datafield><datafield ind1="1" ind2=" " tag="100"><subfield code="a">Akkerman, A. F</subfield></datafield><datafield ind1="1" ind2="0" tag="245"><subfield code="a">Reshenie metodom monte-karlo zadach perenosa bystryh elektronom v veshchestve</subfield><subfield code="c">A.F. Akkerman, Iu.M. Nikitushev, V.A. Botvin</subfield></datafield><datafield ind1=" " ind2=" " tag="260"><subfield code="a">Alma-Ata</subfield><subfield code="b">Nauka</subfield><subfield code="c">1972</subfield></datafield><datafield ind1=" " ind2=" " tag="300"><subfield code="a">162 S</subfield></datafield><datafield ind1="1" ind2=" " tag="700"><subfield code="a">Botvin, V. A</subfield></datafield><datafield ind1=" " ind2=" " tag="852"><subfield code="a">37932</subfield><subfield code="c">539.12</subfield></datafield><datafield ind1=" " ind2=" " tag="CAT"><subfield code="a">SYS</subfield><subfield code="c">20170106</subfield><subfield code="h">170741</subfield></datafield></record></collection>